@misc{datasite,
  url = {https://www.ecwin.co.za/ecWIN/wits/},
  organization = {IST}
  }